34100000      080242181669000177                    00706 000000099300 3ESTASA EMPRESA DE SERVICOS TECBANCO ITAU SA                           10708202511000000000000000000                                                                     
34100011C2031030 242181669000177                    00706 000000099300 3ESTASA EMPRESA DE SERVICOS TEC                                        AVENIDA NOSSA SENHORA DE FATIM00047000000000000000RIO DE JANEIRO      20240050RJ                  
3410001300001J00007791116600000114240001112080447390367125781ELETRO BOMBAS PALMEIRAS LTDA  070820250000000000114240000000000000000000000000000000708202500000000001142400000000000000000000000000000146356                                      
3410001300002J000522000126231000146INFANTE DOM HENRIQUE                    2033278136000117ELETRO BOMBAS PALMEIRAS LTDA            0000000000000000                                                                                             
3410001300003J00023795116600000079402731091351761187000364000ELETRO BOMBAS PALMEIRAS LTDA  070820250000000000079400000000000000000000000000000000708202500000000000794000000000000000000000000000000147861                                      
3410001300004J000522072555279000180LUGANO E MONZA                          2033278136000117ELETRO BOMBAS PALMEIRAS LTDA            0000000000000000                                                                                             
3410001300005J00023791116600000299662731091351771189300364000ELETRO BOMBAS PALMEIRAS LTDA  070820250000000000299660000000000000000000000000000000708202500000000002996600000000000000000000000000000147020                                      
3410001300006J000522039126800000199CINCO DE MAIO                           2033278136000117ELETRO BOMBAS PALMEIRAS LTDA            0000000000000000                                                                                             
3410001300007J00023791116600000149032731091351761187100364000ELETRO BOMBAS PALMEIRAS LTDA  070820250000000000149030000000000000000000000000000000708202500000000001490300000000000000000000000000000147576                                      
3410001300008J000522040409435000109MARCO JUSTO                             2033278136000117ELETRO BOMBAS PALMEIRAS LTDA            0000000000000000                                                                                             
3410001300009J00023797116600003585981246091959463318100261290OFICIO UNICO DO MUNICIPIO DE T070820250000000003585980000000000000000000000000000000708202500000000035859800000000000000000000000000000152381                                      
3410001300010J000522003537820000105ARARIBOIA - COD 672                     2007248739000166OFICIO UNICO DO MUNICIPIO DE TANGUA     0000000000000000                                                                                             
3410001300011J00003393116600001276219745010900008384344440101HDI SEGUROS S.A.              070820250000000001276210000000000000000000000000000000708202500000000012762100000000000000000000000000000088044                                      
3410001300012J000522040212896000197LOBRAZ                                  2029980158000157HDI SEGUROS S.A.                        0000000000000000                                                                                             
3410001300013J00046199116600000830881110000000000034444092701FR FACILITY SERVICOS DE LIMPEZ070820250000000000830880000000000000000000000000000000708202500000000008308800000000000000000000000000000152092                                      
3410001300014J000522007404555000148SUNRISE RESIDENCE SERVICE               2033000251000125FR FACILITY SERVICOS DE LIMPEZA         0000000000000000                                                                                             
3410001300015J00010497116600021617208339325000100040000177361CONFEDERAL RIO VIGILANCIA LTDA070820250000000021617200000000000000000000000000000000708202500000000216172000000000000000000000000000000152465                                      
3410001300016J000522000384700000127PORTO SEGURO                            2039537063000117CONFEDERAL RIO VIGILANCIA LTDA          0000000000000000                                                                                             
3410001300017J00000197116600000320500000003531188000000662317TELE LIMP DISTRIBUIDORA DE PRO070820250000000000320500000000000000000000000000000000708202500000000003205000000000000000000000000000000107314                                      
3410001300018J000522039082623000196VILLAGE SUZANO                          2029457614000189TELE LIMP DISTRIBUIDORA DE PRODUTOS E MA0000000000000000                                                                                             
3410001300019J00040392116600002005000000060706547014448710101MARIA LUIZA BETTI PIRES VELLOS070820250000000002005000000000000000000000000000000000708202500000000020050000000000000000000000000000000152386                                      
3410001300020J000522039082623000196VILLAGE SUZANO                          2060706547000139MARIA LUIZA BETTI PIRES VELLOSO         0000000000000000                                                                                             
3410001300021J00074893116600000270581125205598745010438940104BAZAR FLOR DA MARANGA LTDA    070820250000000000270580000000000000000000000000000000708202500000000002705800000000000000000000000000000148055                                      
3410001300022J000522039937800000179SOLAR ALBANO                            2029972338000197BAZAR FLOR DA MARANGA LTDA              0000000000000000                                                                                             
3410001300023J00000198116600000450190000003629945100001362617FLUZAO ATACADAO DA CONSTRUCAO 070820250000000000450190000000000000000000000000000000708202500000000004501900000000000000000000000000000148067                                      
3410001300024J000522013032499000160VIVANCE RESIDENCE SERVICE               2014458674000300FLUZAO ATACADAO DA CONSTRUCAO LTDA      0000000000000000                                                                                             
3410001300025J00000199116600000217740626973216019140000440011KALUNGA COM E IND GRAFICA LTDA070820250000000000217740000000000000000000000000000000708202500000000002177400000000000000000000000000000148069                                      
3410001300026J000522010483309000133VEREDAS DE VARGEM GRANDE                2043283811000150KALUNGA COM E IND GRAFICA LTDA.         0000000000000000                                                                                             
3410001300027J00023797116600000167712374059605525455500624800PORTO SEGURO CIA DE SEGUROS GE070820250000000000167710000000000000000000000000000000708202500000000001677100000000000000000000000000000148428                                      
3410001300028J000522007766954000159CONDOMINIO DO EDIFICIO RESIDENCIAL AROAZ2061198164000160PORTO SEGURO CIA DE SEGUROS GERAIS      0000000000000000                                                                                             
34100015         000030000000000003138432000000000000000000                                                                                                                                                                                     
34199999         000001000032                                                                                                                                                                                                                   
