34100000      081268817899000173                    00706 000000099300 3CONDOMINIO DOS EDIFICIOS FIZZI                                        10304202515000000000000000000                                                                     
34100011C2219030 268817899000173                    00706 000000099300 3CONDOMINIO DOS EDIFICIOS FIZZI                                        RUA MARQUES DE ABRANTES, 192  00192000000000000000RIO DE JANEIRO      22230061RJ                  
3410001300001O000816000000033514536592025504031289995999201032599PREFEITURA DA CIDADE DO RIO DE03042025REA00000000000000000000000003514503042025000000000000000   000000000   00000000000000038948                                              
34100015         000003000000000000035145000000000000000                                                                                                                                                                                        
34199999         000001000005                                                                                                                                                                                                                   
