34100000         242181669000177                    00706 000000099300 3IPE III                       BANCO ITAU SA                           11803202515000000000104000000                                                      000            
34100011R0100030 2042181669000177                    00706 000000099300 3ESTASA - EMP DE SERV TEC E ADM                                                                                000000011803202518032025                                 
3410001300001P 0100706 000000099300 310900000000         000000000000000     1704202500000000000205000000001N1803202501704202500000000000000101704202500000000000050000000000000000000000000000000000000000000000000000000003000000000000000000 
3410001300002Q 012042181669000177SACADO DE TESTE                         RUA DAS PALMEIRAS, 795                  CASTELO        13070717CAMPINAS       SP0000000000000000                                        000                            
3410001300003R 01000000000000000000000000000000000000000000000000217042025000000000000200          NAO ACEITAR PAGAMENTO APOS 30 DIAS.                                                                 0000000000000000 000000000000  0         
34100015         0000050000010000000000000000000000000000000000000000000000000000000000000000000000000000000000000000000000                                                                                                                     
34199999         000001000007000000                                                                                                                                                                                                             
