34100000      080242181669000177                    00706 000000099300 3ESTASA EMPRESA DE SERVICOS TECBANCO ITAU SA                           11703202511000000000000000000                                                                     
34100011C2045040 242181669000177                    00706 000000099300 3ESTASA EMPRESA DE SERVICOS TEC                                        AVENIDA LUCIO COSTA, 2940     02940000000000000000RIO DE JANEIRO      22620172RJ                  
3410001300001A00000934105655 000000550092  LUIZ GUSTAVO MARQUES COUTINHO 0000000000000003235117032025REA0000000001     000000000050000                    00000000000000000000000CONDOMINIO DO EDIF        12123536000183  00005     0          
3410001300002B05 212123536000183                                                                                                                                                                                                                
3410001300003A00000934105635 000000017580 4ALMEIDA VARGAS SOCIEDADE DE AD0000000000000003234917032025REA0000000001     000000000151800                    00000000000000000000000CONDOMINIO DO EDIF        26190725000183  00005     0          
3410001300004B05 226190725000183                                                                                                                                                                                                                
3410001300005A00000923700279 000000281112 0MICHEL CARLOS RAMALHO MOREIRA 0000000000000003266917032025REA0000000001     000000000058900                    00000000000000000000000000000000000000000        00004302078758  00005     0          
3410001300006B05 100004302078758                                                                                                                                                                                                                
3410001300007A00000933600001 000020475254 0ANGELO LOPES DA CUNHA         0000000000000003235217032025REA0000000001     000000000137500                    00000000000000000000000000000000000000000        46242058000142  00005     0          
3410001300008B05 246242058000142                                                                                                                                                                                                                
3410001300009A00000903301673 000013001329 6AFC FACILITIES LTDA           0000000000000003236017032025REA0000000001     000000005484627                    00000000000000000000000000000000000000000        50354302000136  00005     0          
3410001300010B05 250354302000136                                                                                                                                                                                                                
3410001300011A00000934100540 000000007275 8J.L.F. MACHADO                0000000000000003231517032025REA0000000001     000000000013000                    00000000000000000000000CONDOMINIO DO EDIF        11384095000100  00005     0          
3410001300012B05 211384095000100                                                                                                                                                                                                                
3410001300013A00000907700001 000019080833 0THOR CRESTONI DIAS            0000000000000003231617032025REA0000000001     000000000003386                    00000000000000000000000000000000000000000        00019788311709  00005     0          
3410001300014B05 100019788311709                                                                                                                                                                                                                
3410001300015A00000934108468 000000005131 6ROSINALDO MARINHO DA SILVA    0000000000000003235617032025REA0000000001     000000000005998                    00000000000000000000000CONDOMINIO EDIFICI        00002802721704  00005     0          
3410001300016B05 100002802721704                                                                                                                                                                                                                
3410001300017A00000934108392 000000040290 8SERGIO PINELA RAMAGEM         0000000000000003288017032025REA0000000001     000000000061675                    00000000000000000000000CONDOMINIO DO EDIF        00005734061115  00005     0          
3410001300018B05 100005734061115                                                                                                                                                                                                                
3410001300019A00000903302990 000011048092 7REPARO & REFORMA ARQUITETURA E0000000000000003231117032025REA0000000001     000000000118461                    00000000000000000000000000000000000000000        31543156000142  00005     0          
3410001300020B05 231543156000142                                                                                                                                                                                                                
3410001300021A00000933600001 000003575618 7JOSE LUIZ DOS SANTOS MONTEIRO 0000000000000003271017032025REA0000000001     000000000186900                    00000000000000000000000000000000000000000        00000059959738  00005     0          
3410001300022B05 100000059959738                                                                                                                                                                                                                
3410001300023A00000923702545 000001005514 8MARCIO DA SILVA VENTURA       0000000000000003237417032025REA0000000003     000000000006256                    00000000000000000000000000000000000000000        00007654140746  00005     0          
3410001300024B05 100007654140746                                                                                                                                                                                                                
3410001300025A00000920800050 000000832817 9CONDOMINIO DO EDIFICIO ASTERRA0000000000000003270917032025REA0000000001     000000000169124                    00000000000000000000000000000000000000000        68809698000124  00005     0          
3410001300026B05 268809698000124                                                                                                                                                                                                                
34100015         000028000000000006447627000000000000000000                                                                                                                                                                                     
34199999         000001000030                                                                                                                                                                                                                   
